
@phdthesis{oliver_geniusv2:_2009,
	title = {{GENIUSV2:} {SOFTWARE} {DESIGN} {AND} {MATHEMATICAL} {FORMULATIONS} {FOR} {MULTI-REGION} {DISCRETE} {NUCLEAR} {FUEL} {CYCLE} {SIMULATION} {AND} {ANALYSIS}},
	url = {http://kyleoliver.net/work/thesis_KMO.pdf},
	urldate = {2012-11-25},
	school = {University of Wisconsin-Madison},
	author = {Oliver, Kyle M.},
	year = {2009},
	file = {thesis_KMO.pdf:/filespace/people/g/gidden/.zotero/zotero/r4cvjg0j.default/zotero/storage/GED9HPK8/thesis_KMO.pdf:application/pdf}
}
