
@techreport{guerin_benchmark_2009,
	title = {A Benchmark Study of  Computer Codes for System Analysis of the  Nuclear Fuel Cycle},
	number = {{MIT-NFC-TR-105}},
	institution = {{MIT}},
	author = {Guerin, L. and Van Den Durpel, L. and Dixon, B. and Boucher, L. and Kazimi, M.},
	month = apr,
	year = {2009},
	file = {BenchmarkMIT.pdf:/filespace/people/g/gidden/.zotero/zotero/r4cvjg0j.default/zotero/storage/CST6IQHE/BenchmarkMIT.pdf:application/pdf}
}

@techreport{boucher_specification_2008,
	title = {Specification for the  Benchmark Devoted to Scenario Codes},
	number = {{NEA/NSC/DOC(2007)13/REV1}},
	institution = {{OECD}, Nuclear Energy Agency},
	author = {Boucher, L.},
	month = mar,
	year = {2008},
	file = {NEA-NSC-DOC(2007)13-REV1.pdf:/filespace/people/g/gidden/.zotero/zotero/r4cvjg0j.default/zotero/storage/KCC9RQ5T/NEA-NSC-DOC(2007)13-REV1.pdf:application/pdf}
}

@techreport{boucher_benchmark_2012,
	title = {Benchmark Study on Nuclear Fuel Cycle Transition Scenarios Analysis Codes},
	number = {{NEA/NSC/WPFC/DOC(2012)16}},
	institution = {{OECD}, Nuclear Energy Agency},
	author = {Boucher, L.},
	month = jun,
	year = {2012},
	file = {nsc-wpfc-doc2012-16.pdf:/filespace/people/g/gidden/.zotero/zotero/r4cvjg0j.default/zotero/storage/6VZWXIRK/nsc-wpfc-doc2012-16.pdf:application/pdf}
}

@techreport{_international_2009,
	type = {Progress Report},
	title = {International Project on Innovative Nuclear Reactors and Fuel Cycles ({INPRO)}},
	url = {http://161.5.1.75/OurWork/NE/NENP/INPRO/publications/INPRO-ProgressReport-2009.pdf},
	urldate = {2013-01-16},
	institution = {{IAEA}},
	year = {2009},
	file = {INPRO-ProgressReport-2009.pdf:/home/gidden/.zotero/zotero/c080cdlf.default/zotero/storage/5QKS8HZJ/INPRO-ProgressReport-2009.pdf:application/pdf}
}

@techreport{_international_2011,
	type = {Progress Report},
	title = {International Project on Innovative Nuclear Reactors and Fuel Cycles ({INPRO)}},
	institution = {{IAEA}},
	year = {2011},
	file = {INPRO_Progress_Report_2011.pdf:/filespace/people/g/gidden/.zotero/zotero/r4cvjg0j.default/zotero/storage/E9S3X3CV/INPRO_Progress_Report_2011.pdf:application/pdf}
}

@techreport{_nuclear_2011,
	title = {Nuclear Waste Assessment System for Technical Evaluation ({NUWASTE):} Status and Initial Results},
	institution = {{US} {NWTRB}},
	month = jun,
	year = {2011},
	file = {nuwaste.pdf:/filespace/people/g/gidden/.zotero/zotero/r4cvjg0j.default/zotero/storage/WEX97DBT/nuwaste.pdf:application/pdf}
}

@misc{abkowitz_workshop_2011,
	title = {Workshop on Evaluation of Waste Streams Associated with {LWR} Fuel Cycle Options},
	url = {http://www.nwtrb.gov/meetings/2011/june/11june.html},
	journal = {Nuclear Waste Technology Review Board},
	author = {Abkowitz, Mark},
	month = jun,
	year = {2011}
}

@misc{abkowitz_scenario_2011,
	address = {Arlington, {VA}, United States},
	title = {Scenario Definitions \& Analysis Phases},
	author = {Abkowitz, Mark},
	month = jun,
	year = {2011},
	file = {definitions.pdf:/home/gidden/.zotero/zotero/c080cdlf.default/zotero/storage/7RGQERNS/definitions.pdf:application/pdf}
}

@misc{piet_vision_2011,
	address = {Arlington, {VA}, United States},
	title = {{VISION} Contributions to {DOE} {NWTRB} Benchmark},
	author = {Piet, S.},
	month = jun,
	year = {2011},
	file = {piet.pdf:/filespace/people/g/gidden/.zotero/zotero/r4cvjg0j.default/zotero/storage/SDS89A43/piet.pdf:application/pdf}
}

@techreport{wagner_mcnp:_1992,
	title = {{MCNP:} Criticality Safety Bencmark Problems},
	url = {https://www.fas.org/sgp/othergov/doe/lanl/lib-www/la-pubs/00194234.pdf},
	number = {{LA-12415}},
	urldate = {2013-03-11},
	institution = {{LANL}},
	author = {Wagner, J. C. and Sisolak, J. E. and {McKinney}, G. W.},
	month = oct,
	year = {1992},
	file = {00194234.pdf:/filespace/people/g/gidden/.zotero/zotero/r4cvjg0j.default/zotero/storage/KK8WZQ3A/00194234.pdf:application/pdf}
}
