
@article{misener_advances_2009,
	title = {Advances for the pooling problem: Modeling, global optimization, and computational studies},
	volume = {8},
	shorttitle = {Advances for the pooling problem},
	url = {http://www.science.gov.az/acm/V8N1%20pdf%20new/3-22.pdf},
	number = {1},
	urldate = {2012-12-03},
	journal = {Applied and Computational Mathematics},
	author = {Misener, R. and Floudas, C. A.},
	year = {2009},
	pages = {3-22},
	file = {3-22.pdf:/filespace/people/g/gidden/.zotero/zotero/r4cvjg0j.default/zotero/storage/WJQU7S4R/3-22.pdf:application/pdf}
},

@article{mendez_simultaneous_2006,
	title = {A simultaneous optimization approach for off-line blending and scheduling of oil-refinery operations},
	volume = {30},
	url = {http://www.sciencedirect.com/science/article/pii/S0098135405002966},
	number = {4},
	urldate = {2012-12-03},
	journal = {Computers \& chemical engineering},
	author = {Mendez, C. A. and Grossmann, I. E. and Harjunkoski, I. and Kabor\'{e}, P.},
	year = {2006},
	pages = {614-634},
	file = {science.pdf:/filespace/people/g/gidden/.zotero/zotero/r4cvjg0j.default/zotero/storage/ZF6ID4CM/science.pdf:application/pdf}
},

@article{rigby_evolution_1995,
	title = {The Evolution of Texaco's Blending Systems: From {OMEGA} to {StarBlend}},
	volume = {25},
	url = {http://www.jstor.org/stable/25062053},
	number = {5},
	urldate = {2012-12-04},
	journal = {{INFORMS}},
	author = {Rigby, B. and Lasdon, L. and Waren, A.},
	year = {1995},
	pages = {64--83},
	file = {25062053.pdf:/filespace/people/g/gidden/.zotero/zotero/r4cvjg0j.default/zotero/storage/V5KFN368/25062053.pdf:application/pdf}
},

@article{glen_mixed_1988,
	title = {A mixed integer programming model for fertiliser policy evaluation},
	volume = {35},
	url = {https://mail.google.com/mail/u/0/?ui=2&ik=643759e5c6&view=att&th=13b674f3c82d1c52&attid=0.1&disp=safe&zw},
	number = {2},
	urldate = {2012-12-04},
	journal = {European Journal of Operational Research},
	author = {Glen, J.},
	year = {1988},
	pages = {165--171},
	file = {0.pdf:/filespace/people/g/gidden/.zotero/zotero/r4cvjg0j.default/zotero/storage/GVFBJE2G/0.pdf:application/pdf}
},

@book{tawarmalani_convexification_2002,
	title = {Convexification and global optimization in continuous and mixed-integer nonlinear programming: theory, algorithms, software, and applications},
	volume = {65},
	publisher = {Kluwer Academic Pub},
	author = {Tawarmalani, Mohit and Sahinidis, Nikolaos V},
	year = {2002}
}