
@inproceedings{boucher_cosi:_2006,
	address = {Miami, {FL}, United states},
	title = {{"COSI":} The Complete Renewal of the Simulation Software for The Fuel Cycle Analysis},
	volume = {1},
	booktitle = {Fuel Cycle and High Level Waste Management},
	publisher = {{ASME}, New York, {NY}, {USA}},
	author = {Boucher, L. and Grouiller, J. P},
	month = jul,
	year = {2006},
	annote = {This paper describes a use case for the updated code. The {ICONE13} paper supposedly describes the actual code structure.},
	file = {cosi.pdf:/home/gidden/.zotero/zotero/c080cdlf.default/zotero/storage/Q5E7Q2SG/cosi.pdf:application/pdf}
},

@inproceedings{coquelet-pascal_validation_2011,
	address = {Makuhari, Japan},
	title = {Validation of Physical Models Used in Scenarios Studies  by Coupling {COSI} with {ERANOS} Package},
	booktitle = {Proceedings of {GLobal} 2011},
	author = {Coquelet-Pascal, C. and Kieffer, C.},
	month = dec,
	year = {2011},
	file = {GLOBAL2011_Paper500483_Physical_Models_COSI.pdf:/home/gidden/.zotero/zotero/c080cdlf.default/zotero/storage/8WJPV6MV/GLOBAL2011_Paper500483_Physical_Models_COSI.pdf:application/pdf}
},

@inproceedings{meyer_new_2009,
	address = {Paris, France},
	title = {New Developments on {COSI} 6, the Simulation Software for Fuel Cycle  Analysis},
	booktitle = {Proceedings of {GLobal} 2009},
	author = {Meyer, M. and Boucher, L.},
	month = sep,
	year = {2009},
	file = {384_9203_COSI6.pdf:/home/gidden/.zotero/zotero/c080cdlf.default/zotero/storage/7CV794G8/384_9203_COSI6.pdf:application/pdf}
},

@inproceedings{coquelet-pascal_comparison_2011,
	address = {Makuhari, Japan},
	title = {Comparison of Different Scenarios for the Deployment of Fast Reactors  in France - Results Obtained with {COSI}},
	booktitle = {Proceedings of {GLobal} 2011},
	author = {Coquelet-Pascal, C. and Meyer, M. and Girieud, R. and Eschbach, R. and Chabert, C. and Garzenne, C. and Barbrault, P. and Van Den Durpel and Duquesnoy, T. and Caron-Charles, M. and Carlier, B. and Lefevre, J. C.},
	month = dec,
	year = {2011},
	file = {GLOBAL2011_Paper501622_Scenarios.pdf:/home/gidden/.zotero/zotero/c080cdlf.default/zotero/storage/I4W6MZC7/GLOBAL2011_Paper501622_Scenarios.pdf:application/pdf}
},

@inproceedings{baker_comparison_1963,
	title = {Comparison of the Value of Plutonium and Uranium Isotopes in Fast Reactors},
	booktitle = {Proc. Conf. on Breeding, Economics and Safety in Large Fast Breeder Reactors, {ANL-6972}},
	author = {Baker, {AR} and Ross, {RW}},
	year = {1963},
	pages = {7â€“10},
	file = {2251389.pdf:/home/gidden/.zotero/zotero/c080cdlf.default/zotero/storage/W6AMF6W4/2251389.pdf:application/pdf}
},

@inproceedings{boucher_cosi_2005,
	address = {Beijing, China},
	title = {{"COSI"} : A Simulation Software for a Pool of Reactors and Fuel Cycle Plants},
	booktitle = {Fuel Cycle and High Level Waste Management},
	author = {Boucher, L. and Grouiller, J. P},
	month = may,
	year = {2005},
	file = {ICONE13_FINAL_PAPER_50253.pdf:/home/gidden/.zotero/zotero/c080cdlf.default/zotero/storage/X57BFDVQ/ICONE13_FINAL_PAPER_50253.pdf:application/pdf}
},

@inproceedings{vidal_cesar:_2006,
	address = {Tucson, {AZ}},
	title = {{CESAR:} a Code for Nuclear Fuel and Waste Characterisation},
	booktitle = {Proceedings of the Waste Management Conference, 2006},
	author = {Vidal, J. M. and Grouiller, J. P and Launay, A. and Berthion, Y. and Marc, A. and Toubon, H.},
	month = feb,
	year = {2006},
	file = {6182.pdf:/home/gidden/.zotero/zotero/c080cdlf.default/zotero/storage/22B55P5B/6182.pdf:application/pdf}
}